<?xml version="1.0"?>
<marc:collection xmlns:marc="http://www.loc.gov/MARC21/slim" xmlns:xsi="http://www.w3.org/2001/XMLSchema-instance" xsi:schemaLocation="http://www.loc.gov/MARC21/slim http://www.loc.gov/standards/marcxml/schema/MARC21slim.xsd">
   <marc:record type="Bibliographic">
      <marc:leader>01635cam a2200373 a 4500</marc:leader>
      <marc:controlfield tag="001">1111320</marc:controlfield>
      <marc:controlfield tag="003">NjP</marc:controlfield>
      <marc:controlfield tag="005">20130613135451.0</marc:controlfield>
      <marc:controlfield tag="008">970121s1989    ir       b    000 0 ara d</marc:controlfield>
      <marc:datafield tag="024" ind1="7" ind2=" ">
         <marc:subfield code="a">princeton_aco000059</marc:subfield>
         <marc:subfield code="2">local</marc:subfield>
      </marc:datafield>
      <marc:datafield tag="035" ind1=" " ind2=" ">
         <marc:subfield code="a">(OCoLC)36301789</marc:subfield>
      </marc:datafield>
      <marc:datafield tag="035" ind1=" " ind2=" ">
         <marc:subfield code="a">(OCoLC)ocn176512928</marc:subfield>
      </marc:datafield>
      <marc:datafield tag="035" ind1=" " ind2=" ">
         <marc:subfield code="a">(OCoLC)176512928</marc:subfield>
      </marc:datafield>
      <marc:datafield tag="035" ind1=" " ind2=" ">
         <marc:subfield code="a">(CStRLIN)NJPG97-B3991</marc:subfield>
      </marc:datafield>
      <marc:datafield tag="035" ind1=" " ind2=" ">
         <marc:subfield code="9">CCK5417TS</marc:subfield>
      </marc:datafield>
      <marc:datafield tag="035" ind1=" " ind2=" ">
         <marc:subfield code="a">(NjP)1111320</marc:subfield>
      </marc:datafield>
      <marc:datafield tag="040" ind1=" " ind2=" ">
         <marc:subfield code="a">NjP</marc:subfield>
         <marc:subfield code="c">PUL</marc:subfield>
         <marc:subfield code="d">PUL</marc:subfield>
      </marc:datafield>
      <marc:datafield tag="049" ind1=" " ind2=" ">
         <marc:subfield code="a">PULL</marc:subfield>
      </marc:datafield>
      <marc:datafield tag="079" ind1=" " ind2=" ">
         <marc:subfield code="a">ocm36301789</marc:subfield>
      </marc:datafield>
      <marc:datafield tag="100" ind1="1" ind2=" ">
         <marc:subfield code="6">880-01</marc:subfield>
         <marc:subfield code="a">Sulayma&#x304;n, Sami&#x304;r.</marc:subfield>
      </marc:datafield>
      <marc:datafield tag="245" ind1="1" ind2="0">
         <marc:subfield code="6">880-02</marc:subfield>
         <marc:subfield code="a">Khit&#x323;a&#x304;b al-kalimah fi&#x304; al-Qur&#x2BC;a&#x304;n al-kari&#x304;m :</marc:subfield>
         <marc:subfield code="b">qira&#x304;&#x2BC;ah fi&#x304; niz&#x323;a&#x304;m dala&#x304;la&#x304;tiha&#x304; al-&#x2BB;a&#x304;mmah wa-dala&#x304;la&#x304;tiha&#x304; al-sunani&#x304;yah /</marc:subfield>
         <marc:subfield code="c">ta&#x2BC;li&#x304;f Sami&#x304;r Sulayma&#x304;n.</marc:subfield>
      </marc:datafield>
      <marc:datafield tag="250" ind1=" " ind2=" ">
         <marc:subfield code="6">880-03</marc:subfield>
         <marc:subfield code="a">al-T&#x323;ab&#x2BB;ah 1.</marc:subfield>
      </marc:datafield>
      <marc:datafield tag="260" ind1=" " ind2=" ">
         <marc:subfield code="6">880-04</marc:subfield>
         <marc:subfield code="a">T&#x323;ihra&#x304;n :</marc:subfield>
         <marc:subfield code="b">Mu&#x2BB;a&#x304;wani&#x304;yat al-&#x2BB;Ala&#x304;qa&#x304;t al-Dawli&#x304;yah fi&#x304; Munaz&#x323;z&#x323;amat al-I&#x2BB;la&#x304;m al-Isla&#x304;mi&#x304;,</marc:subfield>
         <marc:subfield code="c">1989.</marc:subfield>
      </marc:datafield>
      <marc:datafield tag="300" ind1=" " ind2=" ">
         <marc:subfield code="a">60 p. ;</marc:subfield>
         <marc:subfield code="c">22 cm.</marc:subfield>
      </marc:datafield>
      <marc:datafield tag="504" ind1=" " ind2=" ">
         <marc:subfield code="a">Includes bibliographical references (p. 58-60).</marc:subfield>
      </marc:datafield>
      <marc:datafield tag="630" ind1="0" ind2="0">
         <marc:subfield code="a">Qur&#x2BC;an</marc:subfield>
         <marc:subfield code="x">Language, style.</marc:subfield>
      </marc:datafield>
      <marc:datafield tag="650" ind1=" " ind2="0">
         <marc:subfield code="a">Arabic language</marc:subfield>
         <marc:subfield code="x">Word frequency.</marc:subfield>
      </marc:datafield>
      <marc:datafield tag="880" ind1="1" ind2=" ">
         <marc:subfield code="6">100-01/r</marc:subfield>
         <marc:subfield code="a">&#x633;&#x644;&#x64A;&#x645;&#x627;&#x646;&#x60C; &#x633;&#x645;&#x64A;&#x631;.</marc:subfield>
      </marc:datafield>
      <marc:datafield tag="880" ind1="1" ind2="0">
         <marc:subfield code="6">245-02/r</marc:subfield>
         <marc:subfield code="a">&#x62E;&#x637;&#x627;&#x628; &#x627;&#x644;&#x643;&#x644;&#x645;&#x629; &#x641;&#x64A; &#x627;&#x644;&#x642;&#x631;&#x622;&#x646; &#x627;&#x644;&#x643;&#x631;&#x64A;&#x645; :</marc:subfield>
         <marc:subfield code="b">&#x642;&#x631;&#x627;&#x621;&#x647; &#x641;&#x64A; &#x646;&#x638;&#x627;&#x645; &#x62F;&#x644;&#x627;&#x644;&#x627;&#x62A;&#x647;&#x627; &#x627;&#x644;&#x639;&#x627;&#x645;&#x629; &#x648;&#x62F;&#x644;&#x627;&#x644;&#x627;&#x62A;&#x647;&#x627; &#x627;&#x644;&#x633;&#x646;&#x646;&#x64A;&#x629; /</marc:subfield>
         <marc:subfield code="c">&#x62A;&#x623;&#x644;&#x64A;&#x641; &#x633;&#x645;&#x64A;&#x631; &#x633;&#x644;&#x64A;&#x645;&#x627;&#x646;.</marc:subfield>
      </marc:datafield>
      <marc:datafield tag="880" ind1=" " ind2=" ">
         <marc:subfield code="6">250-03/r</marc:subfield>
         <marc:subfield code="a">&#x627;&#x644;&#x637;&#x628;&#x639;&#x629; 1.</marc:subfield>
      </marc:datafield>
      <marc:datafield tag="880" ind1=" " ind2=" ">
         <marc:subfield code="6">260-04/r</marc:subfield>
         <marc:subfield code="a">&#x637;&#x647;&#x631;&#x627;&#x646; :</marc:subfield>
         <marc:subfield code="b">&#x645;&#x639;&#x627;&#x648;&#x646;&#x64A;&#x629; &#x627;&#x644;&#x639;&#x644;&#x627;&#x642;&#x627;&#x62A; &#x627;&#x644;&#x62F;&#x648;&#x644;&#x64A;&#x629; &#x641;&#x64A; &#x645;&#x646;&#x638;&#x645;&#x629; &#x627;&#x644;&#x627;&#x639;&#x644;&#x627;&#x645; &#x627;&#x644;&#x627;&#x633;&#x644;&#x627;&#x645;&#x64A;&#x60C;</marc:subfield>
         <marc:subfield code="c">1989.</marc:subfield>
      </marc:datafield>
      <marc:datafield tag="998" ind1=" " ind2=" ">
         <marc:subfield code="a">01/21/97</marc:subfield>
         <marc:subfield code="s">9114</marc:subfield>
         <marc:subfield code="n">NjP</marc:subfield>
         <marc:subfield code="d">01/21/97</marc:subfield>
         <marc:subfield code="c">JEB</marc:subfield>
         <marc:subfield code="b">JEB</marc:subfield>
         <marc:subfield code="i">970121</marc:subfield>
         <marc:subfield code="l">NJPG</marc:subfield>
      </marc:datafield>
      <marc:datafield tag="911" ind1=" " ind2=" ">
         <marc:subfield code="a">19970130</marc:subfield>
      </marc:datafield>
      <marc:datafield tag="912" ind1=" " ind2=" ">
         <marc:subfield code="a">19970121000000.0</marc:subfield>
      </marc:datafield>
      <marc:datafield tag="994" ind1=" " ind2=" ">
         <marc:subfield code="a">C0</marc:subfield>
         <marc:subfield code="b">PUL</marc:subfield>
      </marc:datafield>
      <marc:datafield tag="999" ind1=" " ind2=" ">
         <marc:subfield code="a">1111320</marc:subfield>
      </marc:datafield>
   </marc:record>
</marc:collection>
